@inproceedings{original,
    author = {Zheng, Ce and Xiong, Xingguo and Hu, Junling},
    year = {2015},
    month = {10},
    pages = {},
    title = {COMSOL Simulation of a Dual-axis MEMS Accelerometer with T-shape Beams}
}

@article{fracture,
    author = {Kapels, Hergen and Aigner, Robert and Binder, Josef},
    year = {2000},
    month = {08},
    pages = {1522 - 1528},
    title = {Fracture strength and fatigue of polysilicon determined by a novel thermal actuator [MEMS]},
    volume = {47},
    journal = {Electron Devices, IEEE Transactions on},
    doi = {10.1109/16.848302}
}